<collection xmlns="http://www.loc.gov/MARC21/slim">
<record>
  <leader>01708nam0a22003011i 450 </leader>
  <controlfield tag="001">IT\ICCU\CNCE\053312</controlfield>
  <controlfield tag="005">20130208000000.0</controlfield>
  <datafield tag="012" ind1=" " ind2=" ">
    <subfield code="a">neia a.i, ,&amp;pi cono (3) 1577 (R)</subfield>
    <subfield code="2">fei</subfield>
  </datafield>
  <datafield tag="100" ind1=" " ind2=" ">
    <subfield code="a">20021025d1577        0itac0103    ba</subfield>
  </datafield>
  <datafield tag="101" ind1=" " ind2=" ">
    <subfield code="a">ITA</subfield>
  </datafield>
  <datafield tag="102" ind1=" " ind2=" ">
    <subfield code="a">IT</subfield>
  </datafield>
  <datafield tag="200" ind1="1" ind2=" ">
    <subfield code="a">Rosario della sacratissima vergine Maria madre di Dio, nostra signora. Dall&apos;opere del r.p.f. Luigi di Granada de l&apos;Ordine de&apos; predicatori raccolto per il r.p.f. Andrea Gianetti da Sal ̣... Con la confirmatione di Pio V &amp; institutione della stessa dan.s. papa Gregorio XIII</subfield>
  </datafield>
  <datafield tag="210" ind1=" " ind2=" ">
    <subfield code="a">In Venetia</subfield>
    <subfield code="c">appresso Giouanni Varisco</subfield>
    <subfield code="d">&amp; compagni</subfield>
    <subfield code="d">1577</subfield>
    <subfield code="e">In Venetia</subfield>
    <subfield code="g">appresso Giouanni Varisco e copagni</subfield>
    <subfield code="h">1577</subfield>
  </datafield>
  <datafield tag="215" ind1=" " ind2=" ">
    <subfield code="a">342, \6! p.</subfield>
    <subfield code="c">ill.</subfield>
    <subfield code="d">12ʻ</subfield>
  </datafield>
  <datafield tag="620" ind1=" " ind2=" ">
    <subfield code="a">IT</subfield>
    <subfield code="d">Venezia</subfield>
  </datafield>
  <datafield tag="700" ind1=" " ind2="0">
    <subfield code="a">Luis</subfield>
    <subfield code="c"> : de#Granada</subfield>
    <subfield code="3">IT\ICCU\CNCA\006726</subfield>
  </datafield>
  <datafield tag="702" ind1=" " ind2="1">
    <subfield code="a">Gianetti,</subfield>
    <subfield code="b">Andrea</subfield>
    <subfield code="3">IT\ICCU\CNCA\009493</subfield>
  </datafield>
  <datafield tag="712" ind1="0" ind2="0">
    <subfield code="a">Varisco, Giovanni &amp; C.</subfield>
    <subfield code="3">IT\ICCU\CNCT\002997</subfield>
    <subfield code="4">650</subfield>
  </datafield>
  <datafield tag="790" ind1=" " ind2="1">
    <subfield code="a">Granada,</subfield>
    <subfield code="b">Luis de</subfield>
    <subfield code="3">IT\ICCU\CNCA\014258</subfield>
    <subfield code="z">Luis : de#Granada</subfield>
  </datafield>
  <datafield tag="790" ind1=" " ind2="0">
    <subfield code="a">Ludovicus</subfield>
    <subfield code="c"> : Granatensis</subfield>
    <subfield code="3">IT\ICCU\CNCA\021326</subfield>
    <subfield code="z">Luis : de#Granada</subfield>
  </datafield>
  <datafield tag="790" ind1=" " ind2="1">
    <subfield code="a">Zanetti,</subfield>
    <subfield code="b">Andrea</subfield>
    <subfield code="3">IT\ICCU\CNCA\016687</subfield>
    <subfield code="z">Gianetti, Andrea</subfield>
  </datafield>
  <datafield tag="791" ind1="0" ind2="0">
    <subfield code="a">Guarisco, Giovanni &amp; C.</subfield>
    <subfield code="3">IT\ICCU\CNCT\006428</subfield>
    <subfield code="z">Varisco, Giovanni &amp; C.</subfield>
  </datafield>
  <datafield tag="801" ind1=" " ind2="3">
    <subfield code="a">IT</subfield>
    <subfield code="b">ICCU</subfield>
    <subfield code="c">20201115</subfield>
  </datafield>
  <datafield tag="899" ind1=" " ind2=" ">
    <subfield code="a">Biblioteca comunale Bortolo Belotti. Zogno</subfield>
    <subfield code="1">BG0265</subfield>
    <subfield code="2">ZBG 10</subfield>
  </datafield>
  <datafield tag="899" ind1=" " ind2=" ">
    <subfield code="a">Biblioteca statale. Cremona</subfield>
    <subfield code="1">CR0062</subfield>
    <subfield code="2">LO1 28</subfield>
  </datafield>
  <datafield tag="899" ind1=" " ind2=" ">
    <subfield code="a">Biblioteca Fondazione Studium Generale Marcianum. Venezia</subfield>
    <subfield code="1">VE0311</subfield>
    <subfield code="2">PBE D7</subfield>
  </datafield>
  <datafield tag="899" ind1=" " ind2=" ">
    <subfield code="a">Biblioteca civica Bertoliana. Vicenza</subfield>
    <subfield code="1">VI0096</subfield>
    <subfield code="2">VIA BE</subfield>
  </datafield>
  <datafield tag="921" ind1=" " ind2=" ">
    <subfield code="a">IT\ICCU\CNCM\000777</subfield>
    <subfield code="b">Sirena coronata, bicaudata, che tiene le due code alzate con le mani. In cornice figurata</subfield>
    <subfield code="c">Z1097</subfield>
    <subfield code="d">Dimensioni: 3 x 3</subfield>
    <subfield code="f">SIRENA</subfield>
    <subfield code="g">1577-1589</subfield>
  </datafield>
</record>
</collection>
